<?xml version="1.0" encoding="UTF-8"?>
<record xmlns="http://www.loc.gov/MARC21/slim">
   <leader>01661cam a2200313 a 4500</leader>
   <controlfield tag="001">737052</controlfield>
   <controlfield tag="003">NjP</controlfield>
   <controlfield tag="005">20171020080622.0</controlfield>
   <controlfield tag="008">920124s1990    ir       b    001|0 ara d</controlfield>
   <datafield tag="024" ind1="7" ind2=" ">
      <subfield code="a">princeton_aco003874</subfield>
      <subfield code="2">local</subfield>
   </datafield>
   <datafield ind1=" " ind2=" " tag="035">
      <subfield code="a">(OCoLC)25336049</subfield>
   </datafield>
   <datafield ind1=" " ind2=" " tag="035">
      <subfield code="a">(CStRLIN)NJPG92-B4246</subfield>
   </datafield>
   <datafield ind1=" " ind2=" " tag="035">
      <subfield code="9">ADH3675TS</subfield>
   </datafield>
   <datafield ind1=" " ind2=" " tag="040">
      <subfield code="a">NjP</subfield>
      <subfield code="c">NjP</subfield>
   </datafield>
   <datafield ind1="1" ind2=" " tag="100">
      <subfield code="a">Ḥākim al-Ḥaskānī, ʻUbayd Allāh ibn ʻAbd Allāh,</subfield>
      <subfield code="d">-1077 or 1078.</subfield>
      <subfield code="0">http://id.loc.gov/authorities/names/nr92003876</subfield>
   </datafield>
   <datafield ind1="1" ind2="0" tag="245">
      <subfield code="a">Shawāhid al-tanzīl li-qawāʻid al-tafḍīl fī al-āyāt al-nāzilah fī Ahl al-Bayt /</subfield>
      <subfield code="c">taʼlīf ʻUbayd Allāh ibn ʻAbd Allāh ibn Aḥmad al-maʻrūf bi-Ḥākim al-Ḥaskānī al-Ḥadhdhāʼ al-Ḥanafī al-Nīsābūrī ; taḥqīq wa-taʻlīq Muḥammad Bāqir al-Maḥmūdī.</subfield>
   </datafield>
   <datafield ind1=" " ind2=" " tag="250">
      <subfield code="a">al-Ṭabʻah 1.</subfield>
   </datafield>
   <datafield ind1=" " ind2=" " tag="260">
      <subfield code="a">Ṭihrān, Īrān :</subfield>
      <subfield code="b">Muʼassasat al-Ṭabʻ wa-al-Nashr :</subfield>
      <subfield code="b">Majmaʻ Iḥyāʼ al-Thaqāfah al-Islāmīyah,</subfield>
      <subfield code="c">1990.</subfield>
   </datafield>
   <datafield ind1=" " ind2=" " tag="300">
      <subfield code="a">3 v. ;</subfield>
      <subfield code="c">25 cm.</subfield>
   </datafield>
   <datafield ind1=" " ind2=" " tag="500">
      <subfield code="a">"Wa-talīhi Faḍāʼil shahr Rajab"--V. 2, t.p.</subfield>
   </datafield>
   <datafield ind1=" " ind2=" " tag="500">
      <subfield code="a">Vol. 3 has title: Fahāris Shawāhid al-tanzīl.</subfield>
   </datafield>
   <datafield ind1=" " ind2=" " tag="504">
      <subfield code="a">Includes bibliographical references and indexes.</subfield>
   </datafield>
   <datafield ind1="0" ind2="0" tag="600">
      <subfield code="a">Muḥammad,</subfield>
      <subfield code="c">Prophet,</subfield>
      <subfield code="d">d. 632</subfield>
      <subfield code="x">Family</subfield>
      <subfield code="x">Shiite authors.</subfield>
   </datafield>
   <datafield ind1="0" ind2="0" tag="630">
      <subfield code="a">Qurʼan</subfield>
      <subfield code="x">Criticism, interpretation, etc.</subfield>
      <subfield code="0">http://id.loc.gov/authorities/subjects/sh85072959</subfield>
   </datafield>
   <datafield ind1=" " ind2="0" tag="650">
      <subfield code="a">Hadith (Shiites)</subfield>
   </datafield>
   <datafield ind1="1" ind2=" " tag="700">
      <subfield code="a">Maḥmūdī, Muḥammad Bāqir.</subfield>
   </datafield>
   <datafield ind1="0" ind2=" " tag="740">
      <subfield code="a">Fahāris Shawāhid al-tanzīl.</subfield>
   </datafield>
   <datafield ind1=" " ind2=" " tag="998">
      <subfield code="a">06/11/93</subfield>
      <subfield code="s">9114</subfield>
      <subfield code="n">NjP</subfield>
      <subfield code="w">NJPG92B4246</subfield>
      <subfield code="d">01/24/92</subfield>
      <subfield code="c">JEB</subfield>
      <subfield code="b">JEB</subfield>
      <subfield code="i">930611</subfield>
      <subfield code="l">NJPG</subfield>
   </datafield>
   <datafield ind1=" " ind2=" " tag="911">
      <subfield code="a">19930617</subfield>
   </datafield>
   <datafield ind1=" " ind2=" " tag="912">
      <subfield code="a">19930611000000.0</subfield>
   </datafield>
   <datafield ind1="0" ind2="1" tag="852">
      <subfield code="0">830459</subfield>
      <subfield code="b">rcppa</subfield>
      <subfield code="h">BP166.94</subfield>
      <subfield code="i">.H355 1990</subfield>
      <subfield code="x">tr fr nec</subfield>
   </datafield>
   <datafield ind1=" " ind2="0" tag="866">
      <subfield code="0">830459</subfield>
      <subfield code="a">mujallad 1-2, index</subfield>
   </datafield>
   <datafield ind1=" " ind2=" " tag="959">
      <subfield code="a">2000-06-13 00:00:00 -0400</subfield>
   </datafield>
</record>
